@book{beck2002,
   author={Beck, Kent},
   title={Test Driven Development: By Example},
   publisher={Addison-Wesley},
   year = 2002
}

@book{bobmartin2003,
   author={Martin, Robert C.},
   title={Agile Software Development, Principles, Patterns, and Practices},
   year = 2003
}

@book{fowler2002,
   author={Fowler, Martin},
   title={Refactoring: Improving the Design of Existing Code},
   year = 2002
}

@book{metz2013,
   author={Metz, Sandi},
   title={Practical object-oriented design in Ruby : an agile primer},
   year = 2013
}

@online{seiden2012,
  author = {Seiden, Josh},
  title = {Replacing Requirements with Hypotheses},
  url = {http://www.slideshare.net/jseiden/2012-feb-25-agile-ux-nyc-seiden-requirements-to-hypotheses?from=ss_embed},
  year = 2012,
  urldate = {2015-4-10}
}

@online{fowler_tdd_dead,
  author = {Fowler, Martin},
  title = {Is TDD Dead?},
  url = {http://martinfowler.com/articles/is-tdd-dead/},
  year = 2014,
  urldate = {2015-4-10}
}

@online{dhh_tdd_dead,
  author = {Hansson, David Heinemeir},
  title = {TDD is dead. Long live testing.},
  url = {http://david.heinemeierhansson.com/2014/tdd-is-dead-long-live-testing.html},
  year = 2014,
  urldate = {2015-4-10}
}

@book{XP,
   author={Beck, Kent},
   title={Extreme programming explained: Embrace change},
   publisher={Addison-Wesley},
   year = 2004,
   edition = {2nd Edition}  
}

@online{bobmartin_solid,
  author = {Martin, Robert C.},
  title = {The Principles of OOD},
  url = {http://butunclebob.com/ArticleS.UncleBob.PrinciplesOfOod},
  year = 2003,
  urldate = {2015-4-10}
}